@article{cagniard1953basic,
  title={Basic theory of the magneto-telluric method of geophysical prospecting},
  author={Cagniard, Louis},
  journal={Geophysics},
  volume={18},
  number={3},
  pages={605--635},
  year={1953},
  publisher={Society of Exploration Geophysicists}
}

@phdthesis{padua2004estudos,
  title={Estudos de indu{\c{c}}{\~a}o eletromagn{\'e}tica na caracteriza{\c{c}}{\~a}o de estruturas profundas sob a borda sul do cr{\'a}ton de S{\~a}o Francisco},
  author={P{\'a}dua, Marcelo Banik de and others},
  year={2004},
  school={Brasil. Minist{\'e}rio da Ci{\^e}ncia e Tecnologia. Instituto Nacional de Pesquisas Espaciais (INPE)}
}
